
IEEEexample.bib 
V1.14 (2015/08/26)
Copyright (c) 2002-2015 by Michael Shell
See: http://www.michaelshell.org/
for current contact information.

This is an example BibTeX database for the official IEEEtran.bst
BibTeX style file.

Some entries call strings that are defined in the IEEEabrv.bib file.
Therefore, IEEEabrv.bib should be loaded prior to this file.
Usage:

\bibliographystyle{./IEEEtran}
\bibliography{./IEEEabrv,./IEEEexample}


Support sites:
http://www.michaelshell.org/tex/ieeetran/
http://www.ctan.org/pkg/ieeetran
and/or
http://www.ieee.org/

*************************************************************************
Legal Notice:
This code is offered as-is without any warranty either expressed or
implied; without even the implied warranty of MERCHANTABILITY or
FITNESS FOR A PARTICULAR PURPOSE! 
User assumes all risk.
In no event shall the IEEE or any contributor to this code be liable for
any damages or losses, including, but not limited to, incidental,
consequential, or any other damages, resulting from the use or misuse
of any information contained here.

All comments are the opinions of their respective authors and are not
necessarily endorsed by the IEEE.

This work is distributed under the LaTeX Project Public License (LPPL)
( http://www.latex-project.org/ ) version 1.3, and may be freely used,
distributed and modified. A copy of the LPPL, version 1.3, is included
in the base LaTeX documentation of all distributions of LaTeX released
2003/12/01 or later.
Retain all contribution notices and credits.
** Modified files should be clearly indicated as such, including  **
** renaming them and changing author support contact information. **
*************************************************************************


Note that, because the example references were taken from actual IEEE
publications, these examples do not always contain the full amount
of information that may be desirable (for use with other BibTeX styles).
In particular, full names (not abbreviated with initials) should be
entered whenever possible as some (non-IEEE) bibliography styles use
full names. IEEEtran.bst will automatically abbreviate when it encounters
full names.
 
 


@article{Yang2016COEXPEDIA:MeSH.,
    title = {{COEXPEDIA: exploring biomedical hypotheses via co-expressions associated with medical subject headings (MeSH).}},
    year = {2016},
    journal = {Nucleic acids research},
    author = {Yang, Sunmo and Kim, Chan Yeong and Hwang, Sohyun and Kim, Eiru and Kim, Hyojin and Shim, Hongseok and Lee, Insuk},
    pages = {gkw868},
    url = {http://www.ncbi.nlm.nih.gov/pubmed/27679477},
    isbn = {13624962 (Electronic)},
    doi = {10.1093/nar/gkw868},
    issn = {0305-1048},
    pmid = {27679477}
}


@article{Nelson2011APlacenta,
    title = {{A technical note to improve the reporting of studies of the human placenta}},
    year = {2011},
    journal = {Placenta},
    author = {Nelson, D. Michael and Burton, Graham J.},
    number = {2},
    pages = {195--196},
    volume = {32},
    isbn = {7214846101},
    doi = {10.1016/j.placenta.2010.12.008},
    issn = {01434004},
    pmid = {21239055},
    keywords = {Clinical data, Independent variables, Placental characteristics}
}

@online{AboutPre21,
author = {},
title = {About Preeclampsia: Preeclampsia Foundation},
howpublished = "\url{http://www.preeclampsia.org/health-information/about-preeclampsia}",
note = {(Accessed on 12/12/2016)}
}

@online{MolarPregnancy,
author = {},
title = {MeSH Browser, Molar Pregnancy, unique id: D006828 },
howpublished = "\url{https://meshb.nlm.nih.gov/record/ui?ui=D006828}",
note = {(Accessed on 12/12/2016)}
}

@misc{CraigKerstiensSchemalessDjango,
    title = {{Schemaless Postgres in Django}},
    author = {{Craig Kerstiens}},
    url = {http://www.craigkerstiens.com/2012/06/11/schemaless-django/}
}

@online{MeSH,
title = {MeSH Term Browser},
howpublished = "\url{https://meshb.nlm.nih.gov/search}",
}

@article{LittImprovingBSON,
    title = {{Improving performance of schemaless document storage in PostgreSQL using BSON}},
    author = {Litt, Geoffrey and Thompson, Seth and Whittaker, John},
    keywords = {BSON, General Terms NoSQL, JSON, RDBMS Keywords PostgreSQL}
}

@misc{TheExper27:online,
author = {},
title = {The Experimental Factor Ontology < EMBL-EBI},
howpublished = "\url{http://www.ebi.ac.uk/efo/}",
month = {},
year = {},
note = {(Accessed on 01/09/2017)}
}

@article{Edgar2002GeneRepository,
    title = {{Gene Expression Omnibus: NCBI gene expression and hybridization array data repository}},
    year = {2002},
    journal = {Nucleic Acids Research},
    author = {Edgar, R.},
    number = {1},
    month = {1},
    pages = {207--210},
    volume = {30},
    url = {https://academic.oup.com/nar/article-lookup/doi/10.1093/nar/30.1.207},
    doi = {10.1093/nar/30.1.207},
    issn = {13624962}
}

@article{Sarkans2005ThePerspective,
    title = {{The ArrayExpress gene expression database: A software engineering and implementation perspective}},
    year = {2005},
    journal = {Bioinformatics},
    author = {Sarkans, Ugis and Parkinson, Helen and Lara, Gonzalo Garcia and Oezcimen, Ahmet and Sharma, Anjan and Abeygunawardena, Niran and Contrino, Sergio and Holloway, Ele and Rocca-Serra, Philippe and Mukherjee, Gaurab and Shojatalab, Mohammadreza and Kapushesky, Misha and Sansone, Susanna Assunta and Farne, Anna and Rayner, Tim and Brazma, Alvis},
    number = {8},
    pages = {1495--1501},
    volume = {21},
    isbn = {1367-4803 (Linking)},
    doi = {10.1093/bioinformatics/bti157},
    issn = {13674803},
    pmid = {15564302}
}

@misc{Programm69:online,
author = {},
title = {Programmatic Access < Help < ArrayExpress < EMBL-EBI},
howpublished = "\url{https://www.ebi.ac.uk/arrayexpress/help/programmatic\_access.html}",
month = {},
year = {},
note = {(Accessed on 01/09/2017)}
}

@misc{wwwebiac40:online,
author = {},
title = {BioSamples},
howpublished = "\url{http://www.ebi.ac.uk/biosamples/search}",
month = {},
year = {},
note = {(Accessed on 01/09/2017)}
}

@article{Hruz2008GenevestigatorTranscriptomes,
    title = {{Genevestigator V3: A Reference Expression Database for the Meta-Analysis of Transcriptomes}},
    year = {2008},
    journal = {Advances in Bioinformatics},
    author = {Hruz, Tomas and Laule, Oliver and Szabo, Gabor and Wessendorp, Frans and Bleuler, Stefan and Oertle, Lukas and Widmayer, Peter and Gruissem, Wilhelm and Zimmermann, Philip},
    volume = {5},
    publisher = {Hindawi Publishing Corporation},
    doi = {10.1155/2008/420747}
}

@article{ZimmermannGENEVESTIGATOR.1w,
    title = {{GENEVESTIGATOR. Arabidopsis Microarray Database and Analysis Toolbox 1[w]}},
    author = {Zimmermann, Philip and Hirsch-Hoffmann, Matthias and Hennig, Lars and Gruissem, Wilhelm},
    doi = {10.1104/pp.104.046367}
}

@website{genevestigatorsite,
  title = {GENEVESTIGATOR, a high performance search engine for gene expression},
  howpublished = "\url{https://genevestigator.com/gv/doc/intro\_biomed.jsp}",
  urldate = {2016-11-24}
}

@article{Clauzel2016,
author = {Clauzel, C{\'{e}}line and Folt{\^{e}}te, Jean-christophe and Girardet, Xavier and Vuidel, Gilles},
file = {:home/sashko/Documents/Mendeley Desktop/2016/Unknown - 2016 - User Manual.pdf:pdf},
mendeley-groups = {dbcreationarticle},
number = {May},
pages = {0--37},
title = {{User Manual}},
year = {2016}
}

@article{Speake2015AnData.,
    title = {{An interactive web application for the dissemination of human systems immunology data.}},
    year = {2015},
    journal = {Journal of translational medicine},
    author = {Speake, Cate and Presnell, Scott and Domico, Kelly and Zeitner, Brad and Bjork, Anna and Anderson, David and Mason, Michael J and Whalen, Elizabeth and Vargas, Olivia and Popov, Dimitry and Rinchai, Darawan and Jourde-Chiche, Noemie and Chiche, Laurent and Quinn, Charlie and Chaussabel, Damien},
    month = {6},
    pages = {196},
    volume = {13},
    publisher = {BioMed Central},
    howpublished = "\url{http://www.ncbi.nlm.nih.gov/pubmed/26088622 http://www.pubmedcentral.nih.gov/articlerender.fcgi?artid=PMC4474328}",
    doi = {10.1186/s12967-015-0541-x},
    issn = {1479-5876},
    pmid = {26088622}
}

@article{GXBPlacenta,
file = {:home/sashko/Documents/Mendeley Desktop//Unknown - Unknown.pdf:pdf},
journal = {F1000Research},
title = {{A curated transcriptome dataset collection to investigate the development and differentiation of the human placenta and its associated pathologies[version 2; referees: 2 approved]}},
howpublished = "\url{http://placentalendocrinology.gxbsidra.org/dm3/landing.gsp}",
year = {2016}
}

@article{Xia2013,
doi = {10.1093/nar/gkt338},
issn = {1362-4962},
journal = {Nucleic acids research},
mendeley-groups = {dbcreationarticle},
month = {jul},
pages = {W63--70},
pmid = {23766290},
publisher = {Oxford University Press},
title = {{INMEX--a web-based tool for integrative meta-analysis of expression data.}},
url = {http://www.ncbi.nlm.nih.gov/pubmed/23766290 http://www.pubmedcentral.nih.gov/articlerender.fcgi?artid=PMC3692077},
volume = {41},
year = {2013}
}

@article{Rustici2013ArrayExpressTools.,
    title = {{ArrayExpress update--trends in database growth and links to data analysis tools.}},
    year = {2013},
    journal = {Nucleic acids research},
    author = {Rustici, Gabriella and Kolesnikov, Nikolay and Brandizi, Marco and Burdett, Tony and Dylag, Miroslaw and Emam, Ibrahim and Farne, Anna and Hastings, Emma and Ison, Jon and Keays, Maria and Kurbatova, Natalja and Malone, James and Mani, Roby and Mupo, Annalisa and Pedro Pereira, Rui and Pilicheva, Ekaterina and Rung, Johan and Sharma, Anjan and Tang, Y Amy and Ternent, Tobias and Tikhonov, Andrew and Welter, Danielle and Williams, Eleanor and Brazma, Alvis and Parkinson, Helen and Sarkans, Ugis},
    number = {Database issue},
    month = {1},
    pages = {987--90},
    volume = {41},
    publisher = {Oxford University Press},
    url = {http://www.ncbi.nlm.nih.gov/pubmed/23193272 http://www.pubmedcentral.nih.gov/articlerender.fcgi?artid=PMC3531147},
    doi = {10.1093/nar/gks1174},
    issn = {1362-4962},
    pmid = {23193272}
}

@article{Barrett2011NCBIOn.,
    title = {{NCBI GEO: archive for functional genomics data sets--10 years on.}},
    year = {2011},
    journal = {Nucleic acids research},
    author = {Barrett, Tanya and Troup, Dennis B and Wilhite, Stephen E and Ledoux, Pierre and Evangelista, Carlos and Kim, Irene F and Tomashevsky, Maxim and Marshall, Kimberly A and Phillippy, Katherine H and Sherman, Patti M and Muertter, Rolf N and Holko, Michelle and Ayanbule, Oluwabukunmi and Yefanov, Andrey and Soboleva, Alexandra},
    number = {Database issue},
    month = {1},
    pages = {1005--10},
    volume = {39},
    publisher = {Oxford University Press},
    url = {http://www.ncbi.nlm.nih.gov/pubmed/21097893 http://www.pubmedcentral.nih.gov/articlerender.fcgi?artid=PMC3013736},
    doi = {10.1093/nar/gkq1184},
    issn = {1362-4962},
    pmid = {21097893}
}

